@article{Janssens:1965kd,
      author         = "Janssens, T. and Hofstadter, R. and Hughes, E.B. and
                        Yearian, M.R.",
      title          = "{Proton form factors from elastic electron-proton
                        scattering}",
      journal        = "Phys.Rev.",
      volume         = "142",
      pages          = "922-931",
      doi            = "10.1103/PhysRev.142.922",
      year           = "1966",
      SLACcitation   = "%%CITATION = PHRVA,142,922;%%",
}

@article{Beringer:1900zz,
      author         = "Beringer, J. and others",
      title          = "{Review of Particle Physics (RPP)}",
      collaboration  = "Particle Data Group",
      journal        = "Phys.Rev.",
      volume         = "D86",
      pages          = "010001",
      doi            = "10.1103/PhysRevD.86.010001",
      year           = "2012",
      SLACcitation   = "%%CITATION = PHRVA,D86,010001;%%",
}

@article{Nakamura:2010zzi,
      author         = "Nakamura, K. and others",
      title          = "{Review of particle physics}",
      collaboration  = "Particle Data Group",
      journal        = "J.Phys.G",
      volume         = "G37",
      pages          = "075021",
      _doi            = "10.1088/0954-3899/37/7A/075021",
      year           = "2010",
}

@article{Dubnicka:2010te,
      author         = "Dubnicka, S. and Dubnickova, A.Z.",
      title          = "{Analyticity in a phenomenology of electro-weak structure
                        of hadrons}",
      journal        = "Acta Phys.Slov.",
      volume         = "60",
      pages          = "1-153",
      year           = "2010",
      eprint         = "1008.4490",
      archivePrefix  = "arXiv",
      primaryClass   = "hep-ph",
      SLACcitation   = "%%CITATION = ARXIV:1008.4490;%%",
}

@article{Dubnicka:2002yp,
      author         = "Dubnicka, Stanislav and Dubnickova, Anna-Zuzana and
                        Weisenpacher, Peter",
      title          = "{Nucleon electromagnetic structure revisited}",
      journal        = "J.Phys.G",
      volume         = "G29",
      pages          = "405-430",
      doi            = "10.1088/0954-3899/29/2/316",
      year           = "2003",
      eprint         = "hep-ph/0208051",
      archivePrefix  = "arXiv",
      primaryClass   = "hep-ph",
      SLACcitation   = "%%CITATION = HEP-PH/0208051;%%",
}

@article{Bartos:2011zz,
      author         = "Bartos, E. and Dubnicka, S. and Dubnickova, A.Z.",
      title          = "{Electromagnetic properties of hyperons}",
      journal        = "Nucl.Phys.Proc.Suppl.",
      volume         = "219-220",
      pages          = "166-169",
      doi            = "10.1016/j.nuclphysbps.2011.10.090",
      year           = "2011",
      SLACcitation   = "%%CITATION = NUPHZ,219-220,166;%%",
}

@article{Adamuscin:2012zz,
      author         = "Adamuscin, C. and Dubnicka, S. and Dubnickova, A.Z.",
      title          = "{New value of the proton charge root mean square radius}",
      journal        = "Prog.Part.Nucl.Phys.",
      volume         = "67",
      pages          = "479-485",
      doi            = "10.1016/j.ppnp.2012.01.014",
      year           = "2012",
      SLACcitation   = "%%CITATION = PPNPD,67,479;%%",
}

@article{Dubnicka:2012az,
      author         = "Dubnicka, Stanislav and Dubnickova, Anna Z.",
      title          = "{Meson electromagnetic form factors}",
      journal        = "EPJ Web Conf.",
      volume         = "37",
      pages          = "01003",
      doi            = "10.1051/epjconf/20123701003",
      year           = "2012",
      eprint         = "1210.6262",
      archivePrefix  = "arXiv",
      primaryClass   = "hep-ph",
      SLACcitation   = "%%CITATION = ARXIV:1210.6262;%%",
}

@Article{Lepage:1980fj,
     author    = "Lepage, G. Peter and Brodsky, Stanley J.",
     title     = "{Exclusive Processes in Perturbative Quantum
                  Chromodynamics}",
     journal   = "Phys. Rev.",
     volume    = "D22",
     year      = "1980",
     pages     = "2157",
     _doi       = "10.1103/PhysRevD.22.2157",
     _SLACcitation  = "%%CITATION = PHRVA,D22,2157;%%"
}

@article{Alberico:2008sz,
      author         = "Alberico, W.M. and Bilenky, S.M. and Giunti, C. and
                        Graczyk, K.M.",
      title          = "{Electromagnetic form factors of the nucleon: New Fit and
                        analysis of uncertainties}",
      journal        = "Phys.Rev.",
      volume         = "C79",
      pages          = "065204",
      _doi            = "10.1103/PhysRevC.79.065204",
      year           = "2009",
      _eprint         = "0812.3539",
      _archivePrefix  = "arXiv",
      _primaryClass   = "hep-ph",
}

@article{Riordan:2010id,
      author         = "Riordan, S. and Abrahamyan, S. and Craver, B. and
                        Kelleher, A. and Kolarkar, A. and others",
      title          = "{Measurements of the Electric Form Factor of the Neutron
                        up to $Q^2=3.4 GeV^2$ using the Reaction
                        $^3He^{->}(e^{->},e'n)pp$}",
      journal        = "Phys.Rev.Lett.",
      volume         = "105",
      pages          = "262302",
      _doi            = "10.1103/PhysRevLett.105.262302",
      year           = "2010",
      _eprint         = "1008.1738",
      _archivePrefix  = "arXiv",
      _primaryClass   = "nucl-ex",
}

@article{Donnachie:1988ws,
      author         = "Donnachie, A. and Clegg, Arthur B.",
      title          = "{Omega-primes and Glueballs}",
      journal        = "Z.Phys.",
      volume         = "C42",
      pages          = "663",
      doi            = "10.1007/BF01557674",
      year           = "1989",
      reportNumber   = "CERN-TH-5210-88",
      SLACcitation   = "%%CITATION = ZEPYA,C42,663;%%",
}

@article{Adamovich:1999pe,
      author         = "Adamovich, M.I. and others",
      title          = "{First observation of Sigma- e- elastic scattering in the
                        hyperon beam experiment WA89 at CERN}",
      collaboration  = "WA89 Collaboration",
      journal        = "Eur.Phys.J.",
      volume         = "C8",
      pages          = "59-66",
      doi            = "10.1007/s100520050444",
      year           = "1999",
      SLACcitation   = "%%CITATION = EPHJA,C8,59;%%",
}

@article{GoughEschrich:2001ji,
      author         = "Gough Eschrich, Ivo M. and others",
      title          = "{Measurement of the Sigma- charge radius by Sigma-
                        electron elastic scattering}",
      collaboration  = "SELEX Collaboration",
      journal        = "Phys.Lett.",
      volume         = "B522",
      pages          = "233-239",
      year           = "2001",
      eprint         = "hep-ex/0106053",
      archivePrefix  = "arXiv",
      primaryClass   = "hep-ex",
      reportNumber   = "FERMILAB-PUB-01-118-E",
      SLACcitation   = "%%CITATION = HEP-EX/0106053;%%",
}

@article{Kubis:2000aa,
      author         = "Kubis, Bastian and Meissner, Ulf G.",
      title          = "{Baryon form-factors in chiral perturbation theory}",
      journal        = "Eur.Phys.J.",
      volume         = "C18",
      pages          = "747-756",
      doi            = "10.1007/s100520100570",
      year           = "2001",
      eprint         = "hep-ph/0010283",
      archivePrefix  = "arXiv",
      primaryClass   = "hep-ph",
      reportNumber   = "FZJ-IKP-TH-2000-25",
      SLACcitation   = "%%CITATION = HEP-PH/0010283;%%",
}

@article{Sharma:2011ui,
      author         = "Sharma, Neetika and Dahiya, Harleen",
      title          = "{Charge radii of octet and decuplet baryons}",
      journal        = "AIP Conf.Proc.",
      volume         = "1388",
      pages          = "458-460",
      doi            = "10.1063/1.3647430",
      year           = "2011",
      eprint         = "1107.3931",
      archivePrefix  = "arXiv",
      primaryClass   = "hep-ph",
      SLACcitation   = "%%CITATION = ARXIV:1107.3931;%%",
}

@article{Mohr:2008fa,
      author         = "Mohr, Peter J. and Taylor, Barry N. and Newell, David B.",
      title          = "{CODATA Recommended Values of the Fundamental Physical
                        Constants: 2006}",
      journal        = "Rev.Mod.Phys.",
      volume         = "80",
      pages          = "633-730",
      year           = "2008",
      eprint         = "0801.0028",
      archivePrefix  = "arXiv",
      primaryClass   = "physics.atom-ph",
      SLACcitation   = "%%CITATION = ARXIV:0801.0028;%%",
}

@article{Pohl:2010zza,
      author         = "Pohl, Randolf and Antognini, Aldo and Nez, Francois and
                        Amaro, Fernando D. and Biraben, Francois and others",
      title          = "{The size of the proton}",
      journal        = "Nature",
      volume         = "466",
      pages          = "213-216",
      doi            = "10.1038/nature09250",
      year           = "2010",
      SLACcitation   = "%%CITATION = NATUA,466,213;%%",
}

@article{Lorenz:2012tm,
      author         = "Lorenz, I.T. and Hammer, H.-W. and Meissner, Ulf-G.",
      title          = "{The size of the proton - closing in on the radius
                        puzzle}",
      journal        = "arXiv",
      year           = "2012",
      eprint         = "1205.6628",
      archivePrefix  = "arXiv",
      primaryClass   = "hep-ph",
      SLACcitation   = "%%CITATION = ARXIV:1205.6628;%%",
}

@article{Bernauer:2010wm,
      author         = "Bernauer, J.C. and others",
      title          = "{High-precision determination of the electric and
                        magnetic form factors of the proton}",
      collaboration  = "A1 Collaboration",
      journal        = "Phys.Rev.Lett.",
      volume         = "105",
      pages          = "242001",
      doi            = "10.1103/PhysRevLett.105.242001",
      year           = "2010",
      eprint         = "1007.5076",
      archivePrefix  = "arXiv",
      primaryClass   = "nucl-ex",
      SLACcitation   = "%%CITATION = ARXIV:1007.5076;%%",
}

@article{Puckett:2011xg,
      author         = "Puckett, A.J.R. and Brash, E.J. and Gayou, O. and Jones,
                        M.K. and Pentchev, L. and others",
      title          = "{Final Analysis of Proton Form Factor Ratio Data at
                        $\mathbf{Q^2 = 4.0}$, 4.8 and 5.6 GeV$\mathbf{^2}$}",
      journal        = "Phys.Rev.",
      volume         = "C85",
      pages          = "045203",
      doi            = "10.1103/PhysRevC.85.045203",
      year           = "2012",
      eprint         = "1102.5737",
      archivePrefix  = "arXiv",
      primaryClass   = "nucl-ex",
      reportNumber   = "JLAB-PHY-11-1318",
      SLACcitation   = "%%CITATION = ARXIV:1102.5737;%%",
}

@article{Antognini:1900ns,
      author         = "Antognini, Aldo and Nez, Francois and Schuhmann, Karsten
                        and Amaro, Fernando D. and FrancoisBiraben and others",
      title          = "{Proton Structure from the Measurement of $2S-2P$
                        Transition Frequencies of Muonic Hydrogen}",
      journal        = "Science",
      volume         = "339",
      pages          = "417-420",
      doi            = "10.1126/science.1230016",
      year           = "2013",
      SLACcitation   = "%%CITATION = SCIEA,339,417;%%",
}
